<record><leader>00000cas a22000007a 4500</leader><controlfield tag="001">20155496</controlfield><controlfield tag="008">890810d19111960iduwr n       0    0eng d</controlfield><datafield ind1=" " ind2=" " tag="010"><subfield code="a">sn 89055175 </subfield></datafield><datafield ind1=" " ind2=" " tag="040"><subfield code="a">NVB</subfield><subfield code="b">eng</subfield><subfield code="c">NVB</subfield><subfield code="d">DLC</subfield><subfield code="d">OCL</subfield><subfield code="d">OCLCQ</subfield><subfield code="d">OCLCF</subfield><subfield code="d">OCLCO</subfield></datafield><datafield ind1=" " ind2=" " tag="019"><subfield code="a">20715684</subfield></datafield><datafield ind1="1" ind2=" " tag="029"><subfield code="a">AU@</subfield><subfield code="b">000025904879</subfield></datafield><datafield ind1=" " ind2=" " tag="042"><subfield code="a">msc</subfield></datafield><datafield ind1=" " ind2=" " tag="043"><subfield code="a">n-us-id</subfield></datafield><datafield ind1="0" ind2="4" tag="245"><subfield code="a">The McCammon news.</subfield></datafield><datafield ind1=" " ind2=" " tag="260"><subfield code="a">McCammon, Bannock Co., Idaho :</subfield><subfield code="b">J.F. Whitney</subfield></datafield><datafield ind1=" " ind2=" " tag="300"><subfield code="a">v.</subfield></datafield><datafield ind1=" " ind2=" " tag="310"><subfield code="a">Weekly</subfield></datafield><datafield ind1="1" ind2=" " tag="362"><subfield code="a">Began in Aug. 1911.</subfield></datafield><datafield ind1="0" ind2=" " tag="362"><subfield code="a">-v. 41, no. 5 (Dec. 29, 1960).</subfield></datafield><datafield ind1=" " ind2=" " tag="580"><subfield code="a">Other eds.: Lava Hot Springs bulletin and the Bancroft standard, &lt;1935&gt;-1938; Downey comet and the Bancroft standard, 1938-1952; Downey comet, 1952-1960; and, Grace herald, &lt;1927&gt;-1960.</subfield></datafield><datafield ind1=" " ind2=" " tag="588"><subfield code="a">Description based on: Vol. 6, no. 20 (Jan. 12, 1917).</subfield></datafield><datafield ind1=" " ind2="0" tag="651"><subfield code="a">McCammon (Idaho)</subfield><subfield code="v">Newspapers.</subfield></datafield><datafield ind1=" " ind2="7" tag="655"><subfield code="a">Newspapers.</subfield><subfield code="2">fast</subfield><subfield code="0">(OCoLC)fst01423814</subfield></datafield><datafield ind1=" " ind2="7" tag="651"><subfield code="a">Idaho</subfield><subfield code="z">McCammon.</subfield><subfield code="2">fast</subfield><subfield code="0">(OCoLC)fst01288682</subfield></datafield><datafield ind1=" " ind2=" " tag="752"><subfield code="a">United States</subfield><subfield code="b">Idaho</subfield><subfield code="c">Bannock</subfield><subfield code="d">McCammon.</subfield></datafield><datafield ind1="1" ind2=" " tag="775"><subfield code="t">Lava Hot Springs bulletin and the Bancroft standard</subfield><subfield code="w">(DLC)sn 89055181</subfield></datafield><datafield ind1="1" ind2=" " tag="775"><subfield code="t">Downey comet and the Bancroft standard</subfield><subfield code="w">(DLC)sn 88056174</subfield></datafield><datafield ind1="1" ind2=" " tag="775"><subfield code="t">Downey comet</subfield><subfield code="w">(DLC)sn 88056187</subfield></datafield><datafield ind1="1" ind2=" " tag="775"><subfield code="t">Grace herald</subfield></datafield><datafield ind1="0" ind2="7" tag="785"><subfield code="t">Downey comet</subfield><subfield code="w">(DLC)sn 88056187</subfield></datafield><datafield ind1="0" ind2="7" tag="785"><subfield code="t">Bannock County news</subfield><subfield code="w">(DLC)sn 89055176</subfield></datafield></record>